@article{caprara2002modeling,
  title={Modeling and solving the train timetabling problem},
  author={Caprara, Alberto and Fischetti, Matteo and Toth, Paolo},
  journal={Operations research},
  volume={50},
  number={5},
  pages={851--861},
  year={2002},
  publisher={Informs}
}
@article{khan2010stochastic,
  title={Stochastic optimization model and solution algorithm for robust double-track train-timetabling problem},
  author={Khan, Muhammad Babar and Zhou, Xuesong},
  journal={IEEE transactions on intelligent transportation systems},
  volume={11},
  number={1},
  pages={81--89},
  year={2010},
  publisher={IEEE}
}
@article{detienne2009cut,
  title={Cut generation for an employee timetabling problem},
  author={Detienne, Boris and P{\'e}ridy, Laurent and Pinson, {\'E}ric and Rivreau, David},
  journal={European Journal of Operational Research},
  volume={197},
  number={3},
  pages={1178--1184},
  year={2009},
  publisher={Elsevier}
}
@inproceedings{cowling2000hyperheuristic,
  title={A hyperheuristic approach to scheduling a sales summit},
  author={Cowling, Peter and Kendall, Graham and Soubeiga, Eric},
  booktitle={International Conference on the Practice and Theory of Automated Timetabling},
  pages={176--190},
  year={2000},
  organization={Springer}
}
@inproceedings{di2000tabu,
  title={Tabu search techniques for examination timetabling},
  author={Di Gaspero, Luca and Schaerf, Andrea},
  booktitle={International Conference on the Practice and Theory of Automated Timetabling},
  pages={104--117},
  year={2000},
  organization={Springer}
}
@article{post2016third,
  title={The third international timetabling competition},
  author={Post, Gerhard and Di Gaspero, Luca and Kingston, Jeffrey H and McCollum, Barry and Schaerf, Andrea},
  journal={Annals of Operations Research},
  volume={239},
  number={1},
  pages={69--75},
  year={2016},
  publisher={Springer}
}
@inproceedings{colorni1991distributed,
  title={Distributed optimization by ant colonies},
  author={Colorni, Alberto and Dorigo, Marco and Maniezzo, Vittorio and others},
  booktitle={Proceedings of the first European conference on artificial life},
  volume={142},
  pages={134--142},
  year={1991},
  organization={Paris, France}
}
@article{post2014xhstt,
  title={XHSTT: an XML archive for high school timetabling problems in different countries},
  author={Post, Gerhard and Kingston, Jeffrey H and Ahmadi, Samad and Daskalaki, Sophia and Gogos, Christos and Kyngas, Jari and Nurmi, Cimmo and Musliu, Nysret and Pillay, Nelishia and Santos, Haroldo and others},
  journal={Annals of Operations Research},
  volume={218},
  number={1},
  pages={295--301},
  year={2014},
  publisher={Springer}
}



@inproceedings{socha2002max,
  title={A max-min ant system for the university course timetabling problem},
  author={Socha, Krzysztof and Knowles, Joshua and Sampels, Michael},
  booktitle={International Workshop on Ant Algorithms},
  pages={1--13},
  year={2002},
  organization={Springer}
}
@inproceedings{socha2003ant,
  title={Ant algorithms for the university course timetabling problem with regard to the state-of-the-art},
  author={Socha, Krzysztof and Sampels, Michael and Manfrin, Max},
  booktitle={Workshops on Applications of Evolutionary Computation},
  pages={334--345},
  year={2003},
  organization={Springer}
}

